<?xml version="1.0" encoding="utf-8"?>
<record xmlns="http://www.loc.gov/MARC21/slim" xmlns:xsi="http://www.w3.org/2001/XMLSchema-instance" xsi:schemaLocation="http://www.loc.gov/MARC21/slim http://www.loc.gov/standards/marcxml/schema/MARC21slim.xsd">
	<leader>     nam a22        4500</leader>
	<controlfield tag="001">002119429</controlfield>
	<controlfield tag="003">NNU</controlfield>
	<controlfield tag="006">m        d        </controlfield>
	<controlfield tag="007">cr cn |||m|||a</controlfield>
	<controlfield tag="008">150623s1922    ua      ob    000 0 araod</controlfield>
	<datafield ind1=" " ind2=" " tag="040">
		<subfield code="a">NNU</subfield>
		<subfield code="b">eng</subfield>
		<subfield code="e">rda</subfield>
		<subfield code="c">NNU</subfield>
	</datafield>
	<datafield ind1=" " ind2="4" tag="050">
		<subfield code="a">BP174</subfield>
		<subfield code="b">.Q38 1922</subfield>
	</datafield>
	<datafield ind1="1" ind2=" " tag="100">
		<subfield code="6">880-01</subfield>
		<subfield code="a">Qāsimī, Jamāl al-Dīn,</subfield>
		<subfield code="d">1866-1914</subfield>
	</datafield>
	<datafield ind1="1" ind2="0" tag="245">
		<subfield code="6">880-02</subfield>
		<subfield code="a">Iṣlāḥ al-masājid min al-bidaʻ wa-al-ʻawāʼid /</subfield>
		<subfield code="c">taʼlīf Jamāl al-Dīn al-Qāsimī al-Dimashqī.</subfield>
	</datafield>
	<datafield ind1=" " ind2=" " tag="260">
		<subfield code="6">880-03</subfield>
		<subfield code="a">al-Qāhirah :</subfield>
		<subfield code="b">al-Maktabah al-Salafīyah,</subfield>
		<subfield code="c">1341 [1922 or 1923]</subfield>
	</datafield>
	<datafield ind1=" " ind2=" " tag="300">
		<subfield code="a">online resource (319 pages)</subfield>
	</datafield>
	<datafield ind1=" " ind2=" " tag="336">
		<subfield code="a">text</subfield>
		<subfield code="2">rdacontent</subfield>
	</datafield>
	<datafield ind1=" " ind2=" " tag="337">
		<subfield code="a">computer</subfield>
		<subfield code="2">rdamedia</subfield>
	</datafield>
	<datafield ind1=" " ind2=" " tag="338">
		<subfield code="a">online resource</subfield>
		<subfield code="2">rdacarrier</subfield>
	</datafield>
	<datafield ind1=" " ind2=" " tag="500">
		<subfield code="a">Part of the Arabic Collections Online (ACO) project, contributed by New York Univeristy Libraries.</subfield>
	</datafield>
	<datafield ind1=" " ind2=" " tag="504">
		<subfield code="a">Includes bibliographical references.</subfield>
	</datafield>
	<datafield ind1=" " ind2=" " tag="501">
		<subfield code="a">With: Matn al-ʻAshmāwīyah fī madhhab al-sādah al-Mālikīyah / taʼlīf ʻAbd al-Bārī al-ʻAshmāwī al-Rifāʻī. Miṣr: Dār Iḥyāʼ al-Kutub al-ʻArabīyah, 1920. -- al-Majmūʻah al-mubārakah al-mushtamilah ʻalá arbaʻ rasāʼil. Dihlī: al-Maṭbaʻ al-Anṣārīyah, 1311 [1894] -- Kitāb al-Kahf wa-al-raqīm fī sharḥ Bismillāh al-Raḥmān al-Raḥīm / taʼlīf ʻAbd al-Karīm al-Jīlī. Miṣr: Khānjī, 1326 [1908 or 1909] -- Malqá al-sabīl / min waḍʻ Abī al-ʻAlāʼ Aḥmad ibn ʻAbd Allāh ibn Sulaymān al-Maʻarrī. Dimashq, al-Shām: Maṭbaʻat al-Muqtabis, [1330 i.e. 1912].</subfield>
	</datafield>
	<datafield ind1=" " ind2=" " tag="501">
		<subfield code="a">Kitāb al-bayān li-tahdhīb al-insān; Wa-bi-hāmishihi al-Durr al-manthūr fī al-qawl al-maʼthūr / taʼlīf aḥad al-ʻulamāʼ al-aʻlām. Iskandarīyah: [s.n., 19--] -- Qalāʼid al-ḥikmah / naẓamahā Aḥmad al-Zayn. [S.l.]: Maṭbaʻat al-Ḥayāh, 1918. -- al-Qaṣāʼid al-Hāshimīyāt / lil-Kumayt ibn Zayd al-Asadī al-Kūfī. Miṣr: Maṭbaʻat al-Mawsūʻāt, 1321 [1903 or 1904] -- Kitāb Sharaf al-asbāṭ / taʼlīf Muḥammad Jamāl al-Dīn al-Qāsimī al-Dimashqī. Dimashq: Maṭbaʻat al-Taraqqī, 1331 [1912 or 1913].</subfield>
	</datafield>
	<datafield ind1=" " ind2=" " tag="533">
		<subfield code="a">Electronic reproduction.</subfield>
		<subfield code="b">New York, N.Y. :</subfield>
		<subfield code="c">New York University,</subfield>
		<subfield code="d">2015.</subfield>
		<subfield code="5">NNU</subfield>
	</datafield>
	<datafield ind1=" " ind2="0" tag="650">
		<subfield code="a">Islam</subfield>
		<subfield code="x">Customs and practices.</subfield>
	</datafield>
	<datafield ind1=" " ind2="7" tag="650">
		<subfield code="a">Islam</subfield>
		<subfield code="x">Customs and practices.</subfield>
		<subfield code="2">fast</subfield>
		<subfield code="0">(OCoLC)fst00979785</subfield>
	</datafield>
	<datafield ind1="2" ind2=" " tag="710">
		<subfield code="a">New York University.</subfield>
		<subfield code="b">Libraries.</subfield>
	</datafield>
	<datafield ind1="0" ind2=" " tag="730">
		<subfield code="a">Arabic Collections Online.</subfield>
	</datafield>
	<datafield ind1="0" ind2="8" tag="776">
		<subfield code="i">Online version:</subfield>
		<subfield code="a">Qāsimī, Jamāl al-Dīn, 1866-1914.</subfield>
		<subfield code="t">Iṣlāḥ al-masājid min al-bidaʻ wa-al-ʻawāʼid.</subfield>
		<subfield code="d">al-Qāhirah : al-Maktabah al-Salafīyah, 1341 [1922 or 1923]</subfield>
		<subfield code="w">(OCoLC)780200248</subfield>
	</datafield>
	<datafield ind1="0" ind2="8" tag="776">
		<subfield code="i">Print version:</subfield>
		<subfield code="a">Qāsimī, Jamāl al-Dīn, 1866-1914 880-01</subfield>
		<subfield code="t">Iṣlāḥ al-masājid min al-bidaʻ wa-al-ʻawāʼid</subfield>
		<subfield code="w">(NNU)002119429</subfield>
	</datafield>
	<datafield ind1="4" ind2="0" tag="856">
		<subfield code="u">http://hdl.handle.net/2333.1/rfj6q7q8</subfield>
	</datafield>
	<datafield ind1="0" ind2=" " tag="880">
		<subfield code="6">100-01/</subfield>
		<subfield code="a">جمال الدين القاسمى الدمشقى.</subfield>
	</datafield>
	<datafield ind1="1" ind2="0" tag="880">
		<subfield code="6">245-02/</subfield>
		<subfield code="a">اصلاح المساجد البدع والعوائد /</subfield>
		<subfield code="c">تأليف جمال الدين القاسمى الدمشقى.</subfield>
	</datafield>
	<datafield ind1=" " ind2=" " tag="880">
		<subfield code="6">260-03/</subfield>
		<subfield code="a">القاهرة :</subfield>
		<subfield code="b">ويطلب من المكتبة السلفية،</subfield>
		<subfield code="c">1341 [1922 or 1923]</subfield>
	</datafield>
	<datafield ind1=" " ind2=" " tag="959">
		<subfield code="a">NNU</subfield>
		<subfield code="b">WEB</subfield>
		<subfield code="c">GENI</subfield>
		<subfield code="t">0</subfield>
		<subfield code="m">Electronic access</subfield>
		<subfield code="s">01</subfield>
	</datafield>
	<datafield ind1=" " ind2=" " tag="999">
		<subfield code="i">NNU_002119429</subfield>
		<subfield code="s">nyu_aco000737</subfield>
	</datafield>
</record>
